@misc{suicide_website,
    title = "CDC Wonder",
	howpublished = "\url{https://wonder.cdc.gov/}",
    note = "[Online; accessed 8-January-2020]"
  }
