@article{kopka1995guide,
    title={A Guide to $\{$$\backslash$LaTeX$\}$--Document},
    author={Kopka, H and Daly, PW},
    year={1995},
    publisher={Citeseer}
}

@misc{suicide_website,
    title = "CDC Wonder",
    howpublished = "\url{https://wonder.cdc.gov/}",
    note = "[Online; accessed 8-January-2020]"
  }
